<?xml version="1.0" encoding="UTF-8"?><record xmlns="http://www.loc.gov/MARC21/slim" xmlns:cinclude="http://apache.org/cocoon/include/1.0" xmlns:zs="http://www.loc.gov/zing/srw/">
  <leader>00437cz  a2200145n  4500</leader>
  <controlfield tag="001">n  95071200 </controlfield>
  <controlfield tag="003">DLC</controlfield>
  <controlfield tag="005">20001103070936.0</controlfield>
  <controlfield tag="008">950719n| acannaabn          |a aaa      </controlfield>
  <datafield tag="010" ind1=" " ind2=" ">
    <subfield code="a">n  95071200 </subfield>
  </datafield>
  <datafield tag="035" ind1=" " ind2=" ">
    <subfield code="a">(OCoLC)oca03880327</subfield>
  </datafield>
  <datafield tag="040" ind1=" " ind2=" ">
    <subfield code="a">DLC</subfield>
    <subfield code="b">eng</subfield>
    <subfield code="c">DLC</subfield>
    <subfield code="d">OCoLC</subfield>
  </datafield>
  <datafield tag="100" ind1="1" ind2=" ">
    <subfield code="a">Ramírez Ahumada, Roberto</subfield>
  </datafield>
  <datafield tag="400" ind1="1" ind2=" ">
    <subfield code="a">Ahumada, Roberto Ramírez</subfield>
  </datafield>
  <datafield tag="670" ind1=" " ind2=" ">
    <subfield code="a">Plan de desarrollo a diez años, 1970-1980, 1971:</subfield>
    <subfield code="b">t.p. (Roberto Ramírez Ahumada)</subfield>
  </datafield>
</record>